<?xml version="1.0" encoding="UTF-8"?><collection xmlns="http://www.loc.gov/MARC21/slim"><record><leader>00745nam--2200205-i-4500</leader><controlfield tag="001">000012867</controlfield><controlfield tag="002">20161230</controlfield><controlfield tag="005">20161230201030</controlfield><controlfield tag="008">060222s1000------------r-----000-0-eng-d</controlfield><datafield ind1=" " ind2=" " tag="020"><subfield code="a">0306407345</subfield></datafield><datafield ind1=" " ind2=" " tag="040"><subfield code="a">IFIN-HH</subfield></datafield><datafield ind1=" " ind2=" " tag="080"><subfield code="a">535-34(061.3)</subfield></datafield><datafield ind1="1" ind2=" " tag="100"><subfield code="a">Smith, Deane K</subfield></datafield><datafield ind1="1" ind2="0" tag="245"><subfield code="a">Advances in x-ray analysis</subfield><subfield code="b">Volume 24. proceedings of the twenty-ninth annual conference on applications of x-ray analysis held in denver, august 4-8, 1980</subfield><subfield code="c">Deane k. smith, charles s. barrett, donald e. leyden, paul k. predecki (eds.)</subfield></datafield><datafield ind1=" " ind2=" " tag="260"><subfield code="a">New York</subfield><subfield code="b">Plenum Press, Inc</subfield><subfield code="c">1981</subfield></datafield><datafield ind1=" " ind2=" " tag="300"><subfield code="a">428P</subfield></datafield><datafield ind1=" " ind2=" " tag="490"><subfield code="a">Advances In X-ray Analysis. Proceedings</subfield></datafield><datafield ind1="1" ind2=" " tag="700"><subfield code="a">Predecki, Paul K</subfield><subfield code="e">Ed</subfield></datafield><datafield ind1=" " ind2=" " tag="852"><subfield code="a">15913</subfield><subfield code="c">537.531</subfield></datafield><datafield ind1=" " ind2=" " tag="CAT"><subfield code="a">Sys</subfield><subfield code="c">20110809</subfield><subfield code="h">094329</subfield></datafield></record></collection>